@book {book1,
author = {Paar, Christof and Pelzl, Jan},
title = {Understanding cryptography: a textbook for students and practitioners},
address = {Berlin; Heidelberg [u.a.]},
year = {2010},
publisher = {Springer Berlin Heidelberg},
keywords = {Cryptography. Computer security. Data processing. Applications of cryptology. Computers. Access control. Kryptologie. Anwendung. Student. Praxis},
pages = {XVIII, 372 S.},
edition = {2. corr. printing},
ISBN = {978-3-642-04100-6},
ISBN = {978-3-642-04101-3},
}

@book {book2,
author = {Rolf, Oppliger, Ph.D.},
title = {SSL and TLS: Theory and Practice},
address = {eSECURITY Technologies; Beethovenstrasse 10; CH-3073; GÃ¼mligen; Switzerland},
year = {2009},
publisher = {Artech House},
keywords = {Information, Security and privacy series},
pages = {XIX, 257 S.}
}

                 

@misc{ wiki:hash,
   author = "Wikipedia",
   title = "Hash function --- Wikipedia{,} The Free Encyclopedia",
   year = "2016",
   url = "https://en.wikipedia.org/w/index.php?title=Hash_function&oldid=704553479",
   note = "[Online; accessed 24-February-2016]"
 }

@misc{ wiki:sign,
   author = "Wikipedia",
   title = "Digital signature --- Wikipedia{,} The Free Encyclopedia",
   year = "2016",
   url = "https://en.wikipedia.org/w/index.php?title=Digital_signature&oldid=705058306",
   note = "[Online; accessed 24-February-2016]"
 }

@misc{ wiki:sym,
   author = "Wikipedia",
   title = "Symmetric-key algorithm --- Wikipedia{,} The Free Encyclopedia",
   year = "2016",
   url = "https://en.wikipedia.org/w/index.php?title=Symmetric-key_algorithm&oldid=706507554",
   note = "[Online; accessed 24-February-2016]"
 }

@misc{ wiki:asym,
   author = "Wikipedia",
   title = "Public-key cryptography --- Wikipedia{,} The Free Encyclopedia",
   year = "2016",
   url = "https://en.wikipedia.org/w/index.php?title=Public-key_cryptography&oldid=706619212",
   note = "[Online; accessed 24-February-2016]"
 }

@misc{ wiki:elgamal,
   author = "Wikipedia",
   title = "ElGamal signature scheme --- Wikipedia{,} The Free Encyclopedia",
   year = "2015",
   url = "https://en.wikipedia.org/w/index.php?title=ElGamal_signature_scheme&oldid=697104703",
   note = "[Online; accessed 24-February-2016]"
 }

@misc{ wiki:hmac,
   author = "Wikipedia",
   title = "Hash-based message authentication code --- Wikipedia{,} The Free Encyclopedia",
   year = "2016",
   url = "https://en.wikipedia.org/w/index.php?title=Hash-based_message_authentication_code&oldid=704669944",
   note = "[Online; accessed 24-February-2016]"
 }

@misc{ wiki:cbcmac,
   author = "Wikipedia",
   title = "CBC-MAC --- Wikipedia{,} The Free Encyclopedia",
   year = "2016",
   url = "https://en.wikipedia.org/w/index.php?title=CBC-MAC&oldid=704419839",
   note = "[Online; accessed 24-February-2016]"
 }
 
 @misc{ wiki:iv,
   author = "Wikipedia",
   title = "Initialization vector --- Wikipedia{,} The Free Encyclopedia",
   year = "2016",
   url = "{https://en.wikipedia.org/w/index.php?title=Initialization_vector&oldid=706266589}",
   note = "[Online; accessed 28-February-2016]"
 }
 
 @misc{ wiki:dh,
   author = "Wikipedia",
   title = "Diffie–Hellman key exchange --- Wikipedia{,} The Free Encyclopedia",
   year = "2016",
   url = "https://en.wikipedia.org/w/index.php?title=Diffie%E2%80%93Hellman_key_exchange&oldid=707320318",
   note = "[Online; accessed 28-February-2016]"
 }
 
 @misc{ rec:der,
   author = "INTERNATIONAL TELECOMMUNICATION UNION, TELECOMMUNICATION
			 STANDARDIZATION SECTOR (ITU-T)",
   title = "ITU-T Recommendation X.690 (2002) | ISO/IEC 8825-1:2002,
              Information technology - ASN.1 encoding rules:
              Specification of Basic Encoding Rules (BER), Canonical
              Encoding Rules (CER) and Distinguished Encoding Rules
              (DER)",
   year = "2002",
   url = "https://www.itu.int/ITU-T/studygroups/com17/languages/X.690-0207.pdf",
 }

@techreport{RFC7465,
  shorthand = {RFC7465},
  author = {A. Popov},
  title = {Prohibiting RC4 Cipher Suites},
  howpublished = {Internet Requests for Comments},
  type = {RFC},
  number = {7465},
  year = {2015},
  month = {February},
  issn = {2070-1721},
  publisher = {RFC Editor},
  institution = {RFC Editor},
  url = {http://www.rfc-editor.org/rfc/rfc7465.txt},
  note = {\url{http://www.rfc-editor.org/rfc/rfc7465.txt}},
}

@techreport{RFC6151,
  shorthand = {RFC6151},
  author = {S. Turner and L. Chen},
  title = {Updated Security Considerations for the MD5 Message-Digest and the HMAC-MD5 Algorithms},
  howpublished = {Internet Requests for Comments},
  type = {RFC},
  number = {6151},
  year = {2011},
  month = {March},
  issn = {2070-1721},
  publisher = {RFC Editor},
  institution = {RFC Editor},
  url = {http://www.rfc-editor.org/rfc/rfc6151.txt},
  note = {\url{http://www.rfc-editor.org/rfc/rfc6151.txt}},
}

@techreport{RFC4492,
  shorthand = {RFC4492},
  author = {S. Blake-Wilson and N. Bolyard and V. Gupta and C. Hawk and B. Moeller},
  title = {Elliptic Curve Cryptography (ECC) Cipher Suites for Transport Layer Security (TLS)},
  howpublished = {Internet Requests for Comments},
  type = {RFC},
  number = {4492},
  year = {2006},
  month = {May},
  issn = {2070-1721},
  publisher = {RFC Editor},
  institution = {RFC Editor},
  url = {http://www.rfc-editor.org/rfc/rfc4492.txt},
  note = {\url{http://www.rfc-editor.org/rfc/rfc4492.txt}},
}

@techreport{RFC4772,
  shorthand = {RFC4772},
  author = {S. Kelly},
  title = {Security Implications of Using the Data Encryption Standard (DES)},
  howpublished = {Internet Requests for Comments},
  type = {RFC},
  number = {4772},
  year = {2006},
  month = {December},
  issn = {2070-1721},
  publisher = {RFC Editor},
  institution = {RFC Editor},
}

@techreport{RFC3602,
  shorthand = {RFC3602},
  author = {S. Frankel and R. Glenn and S. Kelly},
  title = {The AES-CBC Cipher Algorithm and Its Use with IPsec},
  howpublished = {Internet Requests for Comments},
  type = {RFC},
  number = {3602},
  year = {2003},
  month = {September},
  issn = {2070-1721},
  publisher = {RFC Editor},
  institution = {RFC Editor},
}

@techreport{RFC5246,
  shorthand = {RFC5246},
  author = {T. Dierks and E. Rescorla},
  title = {The Transport Layer Security (TLS) Protocol Version 1.2},
  howpublished = {Internet Requests for Comments},
  type = {RFC},
  number = {5246},
  year = {2008},
  month = {August},
  issn = {2070-1721},
  publisher = {RFC Editor},
  institution = {RFC Editor},
  url = {http://www.rfc-editor.org/rfc/rfc5246.txt},
  note = {\url{http://www.rfc-editor.org/rfc/rfc5246.txt}},
}

@techreport{RFC5647,
  shorthand = {RFC5647},
  author = {K. Igoe and J. Solinas},
  title = {AES Galois Counter Mode for the Secure Shell Transport Layer Protocol},
  howpublished = {Internet Requests for Comments},
  type = {RFC},
  number = {5647},
  year = {2009},
  month = {August},
  issn = {2070-1721},
  publisher = {RFC Editor},
  institution = {RFC Editor},
  url = {http://www.rfc-editor.org/rfc/rfc5647.txt},
  note = {\url{http://www.rfc-editor.org/rfc/rfc5647.txt}},
}

@techreport{RFC3447,
  shorthand = {RFC3447},
  author = {J. Jonsson and B. Kaliski},
  title = {Public-Key Cryptography Standards (PKCS) \#1\: RSA Cryptography Specifications Version 2.1},
  howpublished = {Internet Requests for Comments},
  type = {RFC},
  number = {3447},
  year = {2003},
  month = {February},
  issn = {2070-1721},
  publisher = {RFC Editor},
  institution = {RFC Editor},
  url = {http://www.rfc-editor.org/rfc/rfc3447.txt},
  note = {\url{http://www.rfc-editor.org/rfc/rfc3447.txt}},
}

@techreport{RFC6979,
  shorthand = {RFC6979},
  author = {T. Pornin},
  title = {Deterministic Usage of the Digital Signature Algorithm (DSA) and Elliptic Curve Digital Signature Algorithm (ECDSA)},
  howpublished = {Internet Requests for Comments},
  type = {RFC},
  number = {6979},
  year = {2013},
  month = {August},
  issn = {2070-1721},
  publisher = {RFC Editor},
  institution = {RFC Editor},
  url = {http://www.rfc-editor.org/rfc/rfc6979.txt},
  note = {\url{http://www.rfc-editor.org/rfc/rfc6979.txt}},
}

@techreport{RFC2104,
  shorthand = {RFC2104},
  author = {Hugo Krawczyk and Mihir Bellare and Ran Canetti},
  title = {HMAC: Keyed-Hashing for Message Authentication},
  howpublished = {Internet Requests for Comments},
  type = {RFC},
  number = {2104},
  year = {1997},
  month = {February},
  issn = {2070-1721},
  publisher = {RFC Editor},
  institution = {RFC Editor},
  url = {http://www.rfc-editor.org/rfc/rfc2104.txt},
  note = {\url{http://www.rfc-editor.org/rfc/rfc2104.txt}},
}

@techreport{RFC0793,
  shorthand = {RFC0793},
  author = {Jon Postel},
  title = {Transmission Control Protocol},
  howpublished = {Internet Requests for Comments},
  type = {STD},
  number = {7},
  year = {1981},
  month = {September},
  issn = {2070-1721},
  publisher = {RFC Editor},
  institution = {RFC Editor},
  url = {http://www.rfc-editor.org/rfc/rfc793.txt},
  note = {\url{http://www.rfc-editor.org/rfc/rfc793.txt}},
}
