@book {understanding_cryp,
author = {Paar, Christof and Pelzl, Jan},
title = {Understanding cryptography: a textbook for students and practitioners},
address = {Berlin; Heidelberg [u.a.]},
year = {2010},
publisher = {Springer Berlin Heidelberg},
keywords = {Cryptography. Computer security. Data processing. Applications of cryptology. Computers. Access control. Kryptologie. Anwendung. Student. Praxis},
pages = {XVIII, 372 S.},
edition = {2. corr. printing},
ISBN = {978-3-642-04100-6},
ISBN = {978-3-642-04101-3},
}

@book {ssl_tls,
author = {Rolf, Oppliger, Ph.D.},
title = {SSL and TLS: Theory and Practice},
address = {eSECURITY Technologies; Beethovenstrasse 10; CH-3073; GÃ¼mligen; Switzerland},
year = {2009},
publisher = {Artech House},
keywords = {Information, Security and privacy series},
pages = {XIX, 257 S.}
}


