@book {understanding_cryp,
author = {Paar, Christof and Pelzl, Jan},
title = {Understanding cryptography: a textbook for students and practitioners},
address = {Berlin; Heidelberg [u.a.]},
year = {2010},
publisher = {Springer Berlin Heidelberg},
keywords = {Cryptography. Computer security. Data processing. Applications of cryptology. Computers. Access control. Kryptologie. Anwendung. Student. Praxis},
pages = {XVIII, 372 S.},
edition = {2. corr. printing},
ISBN = {978-3-642-04100-6},
ISBN = {978-3-642-04101-3},
}


@techreport{RFC4492,
  author = {S. Blake-Wilson and N. Bolyard and V. Gupta and C. Hawk and B. Moeller},
  title = {Elliptic Curve Cryptography (ECC) Cipher Suites for Transport Layer Security (TLS)},
  howpublished = {Internet Requests for Comments},
  type = {RFC},
  number = {4492},
  year = {2006},
  month = {May},
  issn = {2070-1721},
  publisher = {RFC Editor},
  institution = {RFC Editor},
  url = {http://www.rfc-editor.org/rfc/rfc4492.txt},
  note = {\url{http://www.rfc-editor.org/rfc/rfc4492.txt}},
}